%% -*- coding:utf-8 -*- 
@book{bib:kolmogorov74basic,
    author = {{А. Н. Колмогоров}},
    title = {{Основные понятия теории вероятностей}},
    publisher = {{Наука}},
    address   = {{Москва}},
    year = {1974},
    language = {russian}
}

@misc{github:mathexperiments_ivanmurashko,
  author = {Ivan Murashko},
  title = {Math experiments in haskell},
  publisher = {GitHub},
  journal = {GitHub repository},
  url = {https://github.com/ivanmurashko/hsprojects/tree/master/mathexperiments}
}
