%% -*- coding:utf-8 -*- 
@misc{github:cppsort_ivanmurashko,
  author = {Ivan Murashko},
  title = {Inside STL sort algorithm},
  year = {2019},
  publisher = {GitHub},
  journal = {GitHub repository},
  url = {https://github.com/ivanmurashko/articles}
}


@misc{ wiki:quicksort,
    author = "{Wikipedia contributors}",
    title = "Quicksort --- {Wikipedia}{,} The Free Encyclopedia",
    year = "2019",
    howpublished = "\url{https://en.wikipedia.org/w/index.php?title=Quicksort&oldid=917319740}",
    note = "[Online; accessed 23-September-2019]"
  }
@Book{ISO:2013:IIP,
  author =       "{ISO}",
  title =        "{ISO\slash IEC JTC1 SC22 WG21 N 3690}: {Programming} languages
                 --- {C++}",
  publisher =    pub-ISO,
  address =      pub-ISO:adr,
  pages =        "1359",
  day =          "1",
  month =        sep,
  year =         "2013",
  URL =          "http://www.open-std.org/jtc1/sc22/wg21/docs/papers/2013/n3690.pdf"
}


@article{DualABI,
 author = {FSF},
 title = {The GNU C++ Library},
 url = {https://gcc.gnu.org/onlinedocs/libstdc++/manual/using\_dual\_abi.html}
} 


@book{ISO:2012:III,
  added-at = {2012-10-08T01:13:47.000+0200},
  address = {Geneva, Switzerland},
  author = {{ISO}},
  bibdate = {Mon Dec 19 11:12:12 2011},
  bibsource = {http://www.math.utah.edu/pub/tex/bib/isostd.bib},
  biburl = {https://www.bibsonomy.org/bibtex/24b660c16d9a5ab0ad595b1555402c797/gron},
  day = 28,
  interhash = {ff5df6d7fa67f89d7d5ea964dab3e3c9},
  intrahash = {4b660c16d9a5ab0ad595b1555402c797},
  keywords = {C++ Specification Standard},
  month = feb,
  pages = {1338 (est.)},
  publisher = {International Organization for Standardization},
  remark = {Revises ISO/IEC 14882:2003.},
  timestamp = {2012-10-08T01:13:47.000+0200},
  title = {{ISO/IEC 14882:2011 Information technology --- Programming languages --- C++}},
  url = {http://www.iso.org/iso/iso\_catalogue/catalogue\_tc/catalogue\_detail.htm?csnumber=50372},
  year = 2012
}

@article{sutter,
 author = {Herb Sutter},
 title = {Defining a Portable C++ ABI},
 url = {http://www.open-std.org/Jtc1/sc22/wg21/docs/papers/2014/n4028.pdf}
} 
