%% -*- coding:utf-8 -*- 
@misc{github:clangbook_src,
  author = {Ivan Murashko},
  title = {Source code examples for Clang Compiler Fronmtend},
  year = {2022},
  publisher = {GitHub},
  journal = {GitHub repository},
  url = {https://github.com/ivanmurashko/articles/clangbook/src}
}

@book{bib:maclane98,
  title={Categories for the Working Mathematician},
  author={Lane, S.M.},
  isbn={9780387984032},
  lccn={97045229},
  series={Graduate Texts in Mathematics},
  url={https://books.google.ru/books?id=eBvhyc4z8HQC},
  year={1998},
  publisher={Springer New York}
}
