%% -*- coding:utf-8 -*- 

@Book{bMandel2000,
 author    = {{Л. Мандель} and {Э. Вольф}},
 title     = {Оптическая когерентность и квантовая оптика},
 publisher = {Наука. ФИЗМАТЛИТ},
 year      = 2000,
 pages     = 896,
 address   = {Москва},
 language  = {russian}
}

@Book{bBelokTimHrus,
 author    = {{В. В. Белокуров} and {О. Д. Тимофеевская} and {О. А. Хрусталев}},
 title     = {Квантовая телепортация - обыкновенное чудо},
 publisher = {НИЦ Регулярная и хаотическая динамика},
 year      = 2000,
 pages     = 256,
 address   = {Ижевск},
 language  = {russian}
}

@Article{bKilin,
 author    = {{С. Я. Килин}},
 title     = {Квантовая информация},
 year      = 1999,
 pages     = {507--526},
 number    = 5,
 volume    = 169,
 journal   = {УФН}
}

@Article{bLlishko_1994,
 author    = {{Д. Н. Клышко}},
 title     = {Квантовая оптика: квантовые, классические и метафизические аспекты},
 year      = 1994,
 pages     = {1187--1214},
 number    = 11,
 volume    = 164,
 journal   = {УФН}
}

@Article{bLlishko_1996,
 author    = {{Д. Н. Клышко}},
 title     = {Неклассический свет},
 year      = 1996,
 pages     = {613--638},
 number    = 6,
 volume    = 166,
 journal   = {УФН}
}

@Article{bEntangKlyshko,
 author    = {{Д. Н. Клышко}},
 title     = {Основные понятия квантовой физики с операциональной точки зрения},
 year      = 1998,
 pages     = {975--1015},
 number    = 9,
 volume    = 168,
 journal   = {УФН}
}

@Article{bVoron,
 author    = {{Ю. И. Воронцов}},
 title     = {Фаза осциллятора в квантовой теории. Что это такое на самом деле?},
 year      = 2002,
 pages     = {907--929},
 number    = 8,
 volume    = 172,
 journal   = {УФН}
}

@Book{bScully,
 author    = {M. O. Scully and M. S. Zubuiry},
 title     = {Quantum Optics},
 publisher = {Cambridge University Press},
 year      = 1997,
 pages     = 635,
 address   = {UK},
 language  = {english}
}

@Book{bLoudon,
 author    = {Loudon},
 title     = {The Quantum Theory of Light},
 publisher = {Oxford University Press},
 year      = 2000,
 pages     = 438,
 edition   = {Third},
 language  = {english}
}

@Book{bYamamoto,
 author    = {Y. Yamamoto and A. Imamoglu},
 title     = {Mesoscopic quantum optics},
 publisher = {J.Wiley \& Sons},
 year      = 1999,
 pages     = 301,
 address   = {USA},
 language  = {english}
}

@Book{bLuisell1972,
 author    = {{Уильям Люиселл}},
 title     = {Излучение и шумы в квантовой электронике},
 publisher = {Наука},
 year      = 1972,
 address   = {Москва},
 language  = {russian}
}

@Book{bLaks1974,
 author    = {{М. Лэкс}},
 title     = {Флуктуации и когерентные явления},
 publisher = {Наука},
 year      = 1974,
 address   = {Мир},
 language  = {russian}
}

@Book{bCh1Quantel_Gin,
 author    = {{В. Л. Гинзбург}},
 title     = {Теоретическая физика и астрофизика},
 publisher = {Наука},
 year      = 1981,
 address   = {Москва},
 language  = {russian}
}

@Book{bQuantumOpticsAndRadioPhisicsLecture1966,
 author    = {{Р. Глаубер} and  {У. Лэмб}  and {Н. Кролль} and {Ж. Вантер}},
 title     = {Квантовая оптика и квантовая радиофизика},
 publisher = {Мир},
 year      = 1966,
 pages     = 452,
 address   = {Москва},
 language  = {russian}
}

@Book{bKaluderSudershan1970,
 author    = {{Дж. Клаудер} and {Э. Судершан}},
 title     = {Основы квантовой оптики},
 publisher = {Мир},
 year      = 1970,
 pages     = 428,
 address   = {Москва},
 language  = {russian}
}

@Book{bDiracPrincipleQuantumMechanic,
 author    = {{Поль Дирак}},
 title     = {Принципы квантовой механики},
 publisher = {Наука},
 year      = 1979,
 address   = {Москва},
 language  = {russian}
}

@Book{bScally1974,
 author    = {{Ф. Арекки} and {М. Скалли} and {Г. Хакен} and {В. Вайдлих}},
 title     = {Квантовая теория лазера - проблема неравновесной 
статистической механики. Квантовые флуктуации излучения лазера},
 publisher = {Мир},
 year      = 1974,
 address   = {Москва},
 language  = {russian}
}

@Book{bHaken1988,
 author    = {{Г. Хакен}},
 title     = {Лазерная светодинамика},
 publisher = {Мир},
 year      = 1988,
 address   = {Москва},
 language  = {russian}
}

@Book{bLoudon1976,
 author    = {{Р. Лоудон}},
 title     = {Квантовая теория света},
 publisher = {Мир},
 year      = 1976,
 address   = {Москва},
 language  = {russian}
}

@Book{bDvait1973,
 author    = {{Г. Б. Двайт}},
 title     = {Таблицы интегралов и другие математические формулы},
 publisher = {Наука},
 year      = 1973,
 pages     = 228,
 address   = {Москва},
 language  = {russian}
}

@Article{bNonclassSmirnovTroshin,
 author    = {{Д. Ф. Смирнов} and {А. С. Трошин}},
 title     = {Новые явления в квантовой оптике: 
  антигруппировка и субпуассоновская
  статистика фотонов, сжатые состояния},
 year      = 1987,
 number    = 2,
 volume    = 153,
 journal   = {УФН}
}

@Article{bNonclassSqueezedStateDetection,
  title = {Preparation, measurement and information capacity of 
   optical quantum states}, 
  author = {Yamamoto, Y.  and Haus, H. A.},
  journal = {Rev. Mod. Phys.},
  volume = {58},
  number = {4},
  pages = {1001--1020},
  numpages = {19},
  year = {1986},
  month = {Oct},
  doi = {10.1103/RevModPhys.58.1001},
  publisher = {American Physical Society}
}

@Book{bPhisQuantInfo,
 editor    = {{А. Цайлингера}},
 title     = {Физика квантовой информации},
 publisher = {Постмаркет},
 year      = 2002,
 pages     = 376,
 address   = {Москва},
 language  = {russian}
}

@article{bEPR,
  title     =  {Can quantum-mechanical description of 
    physical reality be considered complete?},
  author    = {Einstein, A. and Podolsky, B. and Rosen, N. and others},
  journal   = {Physical review},
  volume    = 47,
  number    = 10,
  pages     = {777--780},
  year      = 1935,
  publisher = {APS}
}

@Book{bKlishko,
 author    = {{Д. Н. Клышко}},
 title     = {Фотоны и нелинейная оптика},
 publisher = {Наука},
 year      = 1980,
 pages     = 256,
 address   = {Москва},
 language  = {russian}
}

@article{bBell,
    author = {Bell, John S.},
    citeulike-article-id = {4253487},
    journal = {Physics},
    keywords = {ghz\_paper},
    pages = {195--200},
    posted-at = {2009-04-01 16:14:47},
    priority = {2},
    title = {{On the Einstein-Podolsky-Rosen paradox}},
    volume = {1},
    year = {1964}
}

@article{bBellTest,
    abstract = {{We observe strong violation of Bell's inequality in an Einstein-Podolsky-Rosen-type experiment with independent observers. Our experiment definitely implements the ideas behind the well-known work by Aspect  et al.  We for the first time fully enforce the condition of locality; a central assumption in the derivation of Bell's theorem. The necessary spacelike separation of the observations is achieved by sufficient physical distance between the measurement stations; by ultrafast and random setting of the analyzers; and by completely independent data registration.}},
    author = {Weihs, Gregor and Jennewein, Thomas and Simon, Christoph and Weinfurter, Harald and Zeilinger, Anton},
    citeulike-article-id = {1900114},
    citeulike-linkout-0 = {http://dx.doi.org/10.1103/PhysRevLett.81.5039},
    citeulike-linkout-1 = {http://link.aps.org/abstract/PRL/v81/i23/p5039},
    citeulike-linkout-2 = {http://link.aps.org/pdf/PRL/v81/i23/p5039},
    day = {7},
    doi = {10.1103/PhysRevLett.81.5039},
    journal = {Physical Review Letters},
    keywords = {bell, experiment, loophole, nonlocality},
    month = {Dec},
    number = {23},
    pages = {5039--5043},
    posted-at = {2009-11-04 16:01:26},
    priority = {0},
    publisher = {American Physical Society},
    title = {{Violation of Bell's Inequality under Strict Einstein Locality Conditions}},
    url = {http://dx.doi.org/10.1103/PhysRevLett.81.5039},
    volume = {81},
    year = {1998}
}

@Book{bFeinman,
 author    = {{Р. Фейнман} and {Р. Лейтон} and {М. Сэндс}},
 title     = {Феймановские лекции по физике (вып. 8, 9). Квантовая механика},
 publisher = {Мир},
 year      = 1978,
 pages     = 525,
 address   = {Москва},
 language  = {russian}
}

@article{bKulik,
  author = {Yoon-Ho Kim and Sergei P.~ Kulik and Yanhua Shih},
  title = {Quantum Teleportation with a Complete Bell State Measurement},
  journal = {Phys. Rev. Lett.},
  volume = {86},
  number = 7,
  pages = {1370--1373},
  url = {http://www.citebase.org/abstract?id=oai:arXiv.org:quant-ph/0010046},
  year = {2001}
}

@article{bNoClone,
    author = {Wootters, W. K. and Zurek, W. H.},
    citeulike-article-id = {507853},
    citeulike-linkout-0 = {http://dx.doi.org/10.1038/299802a0},
    citeulike-linkout-1 = {http://dx.doi.org/10.1038/299802a0},
    day = {28},
    doi = {10.1038/299802a0},
    journal = {Nature},
    month = {October},
    number = {5886},
    pages = {802--803},
    posted-at = {2007-12-08 14:18:08},
    priority = {2},
    title = {{A single quantum cannot be cloned}},
    url = {http://dx.doi.org/10.1038/299802a0},
    volume = {299},
    year = {1982}
}

@article{bShenon,
    author = {Shannon, C. E.},
    citeulike-article-id = {1584479},
    journal = {Bell system technical journal},
    keywords = {information-theory, work},
    posted-at = {2007-08-23 00:55:11},
    priority = {2},
    title = {{A mathematical theory of communication}},
    volume = {27},
    year = {1948},
    pages = {379--423,623--656}
}

@Book{bYaglom,
 author    = {{А. М. Яглом} and {И. М. Яглом}},
 title     = {Вероятность и информация},
 publisher = {Наука},
 year      = 1973,
 pages     = 512,
 address   = {Москва},
 language  = {russian}
}

@Book{bStratonovich,
 author    = {Р. Л. Стратонович},
 title     = {Теория информации},
 publisher = {Советское радио},
 year      = 1975,
 pages     = 424,
 address   = {Москва},
 language  = {russian}
}

@article{bBennettWiesner,
    author = {Bennett, Charles H. and Wiesner, S.},
    citeulike-article-id = {7869771},
    citeulike-linkout-0 = {http://dx.doi.org/\%7B10.1103/PhysRevLett.69.2881\%7D},
    doi = {\%7B10.1103/PhysRevLett.69.2881\%7D},
    journal = {{Physical Review Letters}},
    number = {{20}},
    pages = {2881--2884},
    posted-at = {2010-09-21 17:05:32},
    priority = {0},
    title = {{Communication via one- and two-particle operators on Einstein-Podolsky-Rosen states}},
    url = {http://dx.doi.org/\%7B10.1103/PhysRevLett.69.2881\%7D},
    volume = {{69}},
    year = {{1992}}
}

@article{bDenseCodeExp,
    abstract = {{Classically, sending more than one bit of information requires manipulation of more than one two-state particle. We demonstrate experimentally that one can transmit one of three messages, i.e., 1  " trit" = 1.58bit, by manipulating only one of two entangled particles. The increased channel capacity is proven by transmitting ASCII characters in five trits instead of the usual 8 bits.}},
    author = {Mattle, Klaus and Weinfurter, Harald and Kwiat, Paul G. and Zeilinger, Anton},
    citeulike-article-id = {8313456},
    citeulike-linkout-0 = {http://dx.doi.org/10.1103/PhysRevLett.76.4656},
    citeulike-linkout-1 = {http://link.aps.org/abstract/PRL/v76/i25/p4656},
    citeulike-linkout-2 = {http://link.aps.org/pdf/PRL/v76/i25/p4656},
    doi = {10.1103/PhysRevLett.76.4656},
    journal = {Physical Review Letters},
    month = {Jun},
    number = {25},
    pages = {4656--4659},
    posted-at = {2010-11-27 16:35:18},
    priority = {4},
    publisher = {American Physical Society},
    title = {{Dense Coding in Experimental Quantum Communication}},
    url = {http://dx.doi.org/10.1103/PhysRevLett.76.4656},
    volume = {76},
    year = {1996}
}

@article{bShenonCrypto,
    author = {Shannon, Claude E.},
    citeulike-article-id = {507362},
    journal = {Bell Systems Technical Journal},
    keywords = {master, secrecy\_systems, teoria-informacao, theory\_communication, theory\_cryptography},
    pages = {656--715},
    posted-at = {2006-02-16 23:24:09},
    priority = {2},
    title = {{Communication Theory of Secrecy Systems}},
    volume = {28},
    year = {1949}
}

@Book{bTraceClassOperatorAdd1,
 author    = {{В. А. Ильин} and {Э. Г. Поздняк}},
 title     = {Линейная алгебра},
 publisher = {Физматлит},
 edition   = {6},
 year      = 2005,
 pages     = 115,
 address   = {Москва},
 language  = {russian}
}

@Book{bKilinQuantumOptics2003,
 author    = {{С. Я. Килин}},
 title     = {Квантовая оптика. Поля и их детектирование},
 publisher = {Едиториал УРСС},
 edition   = {2},
 year      = 2003,
 pages     = 176,
 address   = {Москва},
 language  = {russian}
}

@Book{bScullyQuantumOptics2003,
 author    = {{М. О. Скалли} and {М. С. Зубайри}},
 title     = {Квантовая оптика},
 publisher = {Физматлит},
 year      = 2003,
 pages     = 512,
 address   = {Москва},
 language  = {russian}
}

@Book{bAhmanovNikitinPhysicalOptics2004,
 author    = {{С. А. Ахманов} and {С. Ю. Никитин}},
 title     = {Физическая оптика},
 publisher = {МГУ, Наука},
 edition   = {2},
 year      = 2004,
 pages     = 656,
 address   = {Москва},
 language  = {russian}
}

@Book{bTarasovQuantumOpticsIntro2008,
 author    = {{Лев Васильевич Тарасов}},
 title     = {Введение в квантовую оптику},
 publisher = {ЛКИ},
 edition   = {2},
 year      = 2008,
 pages     = 304,
 address   = {Москва},
 language  = {russian}
}


@Book{bMensky2001,
 author    = {{Михаил Борисович Менский}},
 title     = {Квантовые измерения и декогеренция. Модели и феноменология},
 publisher = {Физматлит},
 year      = 2001,
 pages     = 228,
 address   = {Москва},
 language  = {russian}
}

@inproceedings{bShor94,
  author    = {Peter W. Shor},
  title     = {Algorithms for Quantum Computation: Discrete Logarithms
               and Factoring},
  booktitle = {FOCS},
  year      = {1994},
  pages     = {124-134},
  ee        = {http://doi.ieeecomputersociety.org/10.1109/SFCS.1994.365700},
  crossref  = {DBLP:conf/focs/FOCS35},
  bibsource = {DBLP, http://dblp.uni-trier.de}
}

@proceedings{DBLP:conf/focs/FOCS35,
  title     = {35th Annual Symposium on Foundations of Computer Science,
               Santa Fe, New Mexico, USA, 20-22 November 1994},
  booktitle = {FOCS},
  publisher = {IEEE Computer Society},
  year      = {1994},
  bibsource = {DBLP, http://dblp.uni-trier.de}
}

@inproceedings{Grover96afast,
    author = {Lov K. Grover},
    title = {A Fast Quantum Mechanical Algorithm for Database Search},
    booktitle = {ANNUAL ACM SYMPOSIUM ON THEORY OF COMPUTING},
    year = {1996},
    pages = {212--219},
    publisher = {ACM}
}

@book{nielsen2000quantum,
  title={Quantum Computation and Quantum Information},
  author={Nielsen, M.A. and Chuang, I.L.},
  isbn={9780521635035},
  lccn={98022029},
  series={Cambridge Series on Information and the Natural Sciences},
  url={http://books.google.ru/books?id=65FqEKQOfP8C},
  year={2000},
  publisher={Cambridge University Press}
}

@article{bBennettGroverOptimal,
 author = {Bennett, Charles H. and Bernstein, Ethan and Brassard, Gilles and Vazirani, Umesh},
 title = {Strengths and Weaknesses of Quantum Computing},
 journal = {SIAM J. Comput.},
 issue_date = {Oct. 1997},
 volume = {26},
 number = {5},
 month = {oct},
 year = {1997},
 issn = {0097-5397},
 pages = {1510--1523},
 numpages = {14},
 url = {http://dx.doi.org/10.1137/S0097539796300933},
 doi = {10.1137/S0097539796300933},
 acmid = {264407},
 publisher = {Society for Industrial and Applied Mathematics},
 address = {Philadelphia, PA, USA},
 keywords = {oracle quantum Turing machines, quantum Turing machines, quantum polynomial time}
} 

@book{bSchneier,
 author = {{Брюс Шнайер}},
 title = {Прикладная криптография. Протоколы, алгоритмы, исходные
                  тексты на языке Си},  
 year = {2002},
 pages     = 816,
 publisher = {Триумф},
 address   = {Москва},
 language  = {russian}
} 


%% \bibitem{bCh1Optic_Loudon} Лоудон Р. . М.: Мир,
%%   1976. 
%% \bibitem{bCh1Optic_Dvait}  . М.: , 1973. 

@Comment \bibitem{bCh1LaserSkalliZubari} М. О. Скалли, М. С. Зубайри. Квантовая
@Comment   оптика. М. Физматлит, 2003.

@Comment \bibitem{bCh1LaserLangevinSkalliZubari} М. О. Скалли,
@Comment   М. С. Зубайри. Квантовая 
@Comment   оптика. М. Физматлит, 2003.
@Comment \bibitem{bCh1LaserLangevinYamamoto} Y.Yamamoto, A.Imamoglu.  Mesoscopic quantum
@Comment   optics. 1999, USA, J.Wiley \& Son.
@Comment \bibitem{bCh1LaserLangevinHaken} Г .Хакен. Лазерная светодинамика. М.: Мир,
@Comment   1988.

@Comment \bibitem{bCh2Inter_Met}  Квантовая оптика. Квантование
@Comment   электромагнитного поля (света): Метод. указания / СПбГТУ. СПб.,
@Comment   1994. 
@Comment \bibitem{bCh2Inter_Scally}  Скалли М. Квантовая теория лазера -
@Comment   проблема неравновесной статистической механики. Квантовые флуктуации
@Comment   излучения лазера / Сост. Арекки Ф., Скалли М., Хакен Г.,
@Comment   Вайдлих В. М.: Мир, 1974 .
