%% -*- coding:utf-8 -*- 
@article{DualABI,
 author = {FSF},
 title = {The GNU C++ Library},
 url = {https://gcc.gnu.org/onlinedocs/libstdc++/manual/using\_dual\_abi.html}
} 

@article{cpp11,
 author = {TBD},
 title = {C++ 2011 standart},
 url = {TBD}
} 
