%% -*- coding:utf-8 -*- 
@misc{apache:thrift,
  author = {Facebook},
  title = {Apache Thrift},
  publisher = {Apache},
  url = {https://thrift.apache.org/}
}

https://thrift.apache.org/

@misc{github:articles_ivanmurashko,
  author = {Ivan Murashko},
  title = {Articles git repository},
  year = {2019},
  publisher = {GitHub},
  journal = {GitHub repository},
  url = {https://github.com/ivanmurashko/articles}
}
